
IEEEfull.bib
V1.12 (2007/01/11)
Copyright (c) 2002-2007 by Michael Shell
See: http://www.michaelshell.org/
for current contact information.

BibTeX bibliography string definitions of the FULL titles of
IEEE journals and magazines and online publications.

This file is designed for bibliography styles that require 
full-length titles and is not for use in bibliographies that
abbreviate titles.

Support sites:
http://www.michaelshell.org/tex/ieeetran/
http://www.ctan.org/tex-archive/macros/latex/contrib/IEEEtran/
and/or
http://www.ieee.org/

Special thanks to Laura Hyslop and ken Rawson of IEEE for their help
in obtaining the information needed to compile this file. Also,
Volker Kuhlmann and Moritz Borgmann kindly provided some corrections
and additions.

*************************************************************************
Legal Notice:
This code is offered as-is without any warranty either expressed or
implied; without even the implied warranty of MERCHANTABILITY or
FITNESS FOR A PARTICULAR PURPOSE! 
User assumes all risk.
In no event shall IEEE or any contributor to this code be liable for
any damages or losses, including, but not limited to, incidental,
consequential, or any other damages, resulting from the use or misuse
of any information contained here.

All comments are the opinions of their respective authors and are not
necessarily endorsed by the IEEE.

This work is distributed under the LaTeX Project Public License (LPPL)
( http://www.latex-project.org/ ) version 1.3, and may be freely used,
distributed and modified. A copy of the LPPL, version 1.3, is included
in the base LaTeX documentation of all distributions of LaTeX released
2003/12/01 or later.
Retain all contribution notices and credits.
** Modified files should be clearly indicated as such, including  **
** renaming them and changing author support contact information. **

File list of work: IEEEabrv.bib, IEEEfull.bib, IEEEexample.bib,
                   IEEEtran.bst, IEEEtranS.bst, IEEEtranSA.bst,
                   IEEEtranN.bst, IEEEtranSN.bst, IEEEtran_bst_HOWTO.pdf
*************************************************************************


USAGE:

\bibliographystyle{mybstfile}
\bibliography{IEEEfull,mybibfile}

where the IEEE titles in the .bib database entries use the strings
defined here. e.g.,


   journal = IEEE_J_AC,


to yield "{IEEE} Transactions on Automatic Control"


WARNING: IEEE uses abbreviated journal titles in their bibliographies!
Because this file provides the full titles, you should NOT use this file
for work that is to be submitted to the IEEE.

For IEEE work, you should use the abbreviated titles provided in the
companion file, IEEEabrv.bib.


** NOTES **

 1. Journals have been grouped according to subject in order to make it
    easier to locate and extract the definitions for related journals - 
    as most works use references that are confined to a single topic.
    Magazines are listed in straight alphabetical order.

 2. String names are closely based on IEEE's own internal acronyms.

 3. Older, out-of-print IEEE titles are included (but not including titles
    dating prior to IEEE's formation from the IRE and AIEE in 1963).






IEEE Journals 



aerospace and military
@INPROCEEDINGS{10667821,
  author={Mishra, Saurabh Kumar and Goyal, Chirag and Agrawal, Chetan and Pratap, Ajay},
  booktitle={2024 IEEE Space, Aerospace and Defence Conference (SPACE)}, 
  title={Minimizing Costs for Content Service Providers in 6G Space-Air-Ground Integrated Networks}, 
  year={2024},
  volume={},
  number={},
  pages={479-483},
  keywords={6G mobile communication;Costs;Satellites;Simulation;Space-air-ground integrated networks;Autonomous aerial vehicles;Minimization;UAV caching;SAGIN;Genetic Algorithm},
  doi={10.1109/SPACE63117.2024.10667821}}

@article{zhu2018deep,
  title={Deep reinforcement learning for mobile edge caching: Review, new features, and open issues},
  author={Zhu, Hao and Cao, Yang and Wang, Wei and Jiang, Tao and Jin, Shi},
  journal={IEEE Network},
  volume={32},
  number={6},
  pages={50--57},
  year={2018},
  publisher={IEEE}
}
@article{li2016trend,
  title={Trend-aware video caching through online learning},
  author={Li, Suoheng and Xu, Jie and van der Schaar, Mihaela and Li, Weiping},
  journal={IEEE Transactions on Multimedia},
  volume={18},
  number={12},
  pages={2503--2516},
  year={2016},
  publisher={IEEE}
}
@article{harper2015movielens,
  title={The movielens datasets: History and context},
  author={Harper, F Maxwell and Konstan, Joseph A},
  journal={Acm transactions on interactive intelligent systems (tiis)},
  volume={5},
  number={4},
  pages={1--19},
  year={2015},
  publisher={Acm New York, NY, USA}
}
@article{ishii2002control,
  title={Control of exploitation--exploration meta-parameter in reinforcement learning},
  author={Ishii, Shin and Yoshida, Wako and Yoshimoto, Junichiro},
  journal={Neural networks},
  volume={15},
  number={4-6},
  pages={665--687},
  year={2002},
  publisher={Elsevier}
}
@inproceedings{de2015importance,
  title={The importance of experience replay database composition in deep reinforcement learning},
  author={De Bruin, Tim and Kober, Jens and Tuyls, Karl and Babu{\v{s}}ka, Robert},
  booktitle={Deep reinforcement learning workshop, NIPS},
  year={2015}
}
@ARTICLE{9357477,
  author={Wei, Qing and Ma, Hailan and Chen, Chunlin and Dong, Daoyi},
  journal={IEEE Transactions on Cybernetics}, 
  title={Deep Reinforcement Learning With Quantum-Inspired Experience Replay}, 
  year={2022},
  volume={52},
  number={9},
  pages={9326-9338},
  keywords={Training;Reinforcement learning;Logic gates;Task analysis;Qubit;Neural networks;Transforms;Deep reinforcement learning (DRL);quantum computation;quantum-inspired experience replay (QER);quantum reinforcement learning},
  doi={10.1109/TCYB.2021.3053414}}
@article{dong2008quantum,
  title={Quantum reinforcement learning},
  author={Dong, Daoyi and Chen, Chunlin and Li, Hanxiong and Tarn, Tzyh-Jong},
  journal={IEEE Transactions on Systems, Man, and Cybernetics, Part B (Cybernetics)},
  volume={38},
  number={5},
  pages={1207--1220},
  year={2008},
  publisher={IEEE}
}
@article{grover1997quantum,
  title={Quantum computers can search arbitrarily large databases by a single query},
  author={Grover, Lov K},
  journal={Physical review letters},
  volume={79},
  number={23},
  pages={4709},
  year={1997},
  publisher={APS}
}
@book{nielsen2010quantum,
  title={Quantum computation and quantum information},
  author={Nielsen, Michael A and Chuang, Isaac L},
  year={2010},
  publisher={Cambridge university press}
}
@article{luo2018adaptive,
  title={Adaptive $ Q $-learning for data-based optimal output regulation with experience replay},
  author={Luo, Biao and Yang, Yin and Liu, Derong},
  journal={IEEE transactions on cybernetics},
  volume={48},
  number={12},
  pages={3337--3348},
  year={2018},
  publisher={IEEE}
}
@article{lin1992self,
  title={Self-improving reactive agents based on reinforcement learning, planning and teaching},
  author={Lin, Long-Ji},
  journal={Machine learning},
  volume={8},
  pages={293--321},
  year={1992},
  publisher={Springer}
}
@article{mnih2015human,
  title={Human-level control through deep reinforcement learning},
  author={Mnih, Volodymyr and Kavukcuoglu, Koray and Silver, David and Rusu, Andrei A and Veness, Joel and Bellemare, Marc G and Graves, Alex and Riedmiller, Martin and Fidjeland, Andreas K and Ostrovski, Georg and others},
  journal={nature},
  volume={518},
  number={7540},
  pages={529--533},
  year={2015},
  publisher={Nature Publishing Group}
}
@inproceedings{van2016deep,
  title={Deep reinforcement learning with double q-learning},
  author={Van Hasselt, Hado and Guez, Arthur and Silver, David},
  booktitle={Proceedings of the AAAI conference on artificial intelligence},
  volume={30},
  number={1},
  year={2016}
}
@inproceedings{wang2016dueling,
  title={Dueling network architectures for deep reinforcement learning},
  author={Wang, Ziyu and Schaul, Tom and Hessel, Matteo and Hasselt, Hado and Lanctot, Marc and Freitas, Nando},
  booktitle={International conference on machine learning},
  pages={1995--2003},
  year={2016},
  organization={PMLR}
}
@inproceedings{thrun2014issues,
  title={Issues in using function approximation for reinforcement learning},
  author={Thrun, Sebastian and Schwartz, Anton},
  booktitle={Proceedings of the 1993 connectionist models summer school},
  pages={255--263},
  year={2014},
  organization={Psychology Press}
}
@inproceedings{graves2014towards,
  title={Towards end-to-end speech recognition with recurrent neural networks},
  author={Graves, Alex and Jaitly, Navdeep},
  booktitle={International conference on machine learning},
  pages={1764--1772},
  year={2014},
  organization={PMLR}
}
@article{hochreiter1997long,
  title={Long short-term memory},
  author={Hochreiter, Sepp and Schmidhuber, J{\"u}rgen},
  journal={Neural computation},
  volume={9},
  number={8},
  pages={1735--1780},
  year={1997},
  publisher={MIT press}
}
@article{sutskever2014sequence,
  title={Sequence to sequence learning with neural networks},
  author={Sutskever, Ilya and Vinyals, Oriol and Le, Quoc V},
  journal={Advances in neural information processing systems},
  volume={27},
  year={2014}
}
@article{vinyals2015grammar,
  title={Grammar as a foreign language},
  author={Vinyals, Oriol and Kaiser, {\L}ukasz and Koo, Terry and Petrov, Slav and Sutskever, Ilya and Hinton, Geoffrey},
  journal={Advances in neural information processing systems},
  volume={28},
  year={2015}
}
@inproceedings{xu2015show,
  title={Show, attend and tell: Neural image caption generation with visual attention},
  author={Xu, Kelvin and Ba, Jimmy and Kiros, Ryan and Cho, Kyunghyun and Courville, Aaron and Salakhudinov, Ruslan and Zemel, Rich and Bengio, Yoshua},
  booktitle={International conference on machine learning},
  pages={2048--2057},
  year={2015},
  organization={PMLR}
}

@techreport{arthur2006k,
  title={k-means++: The advantages of careful seeding},
  author={Arthur, David and Vassilvitskii, Sergei},
  year={2006},
  institution={Stanford}
}
@ARTICLE{10164260,
  author={Nguyen, Minh-Hien T. and Bui, Tinh T. and Nguyen, Long D. and Garcia-Palacios, Emiliano and Zepernick, Hans-Jürgen and Shin, Hyundong and Duong, Trung Q.},
  journal={IEEE Transactions on Intelligent Transportation Systems}, 
  title={Real-Time Optimized Clustering and Caching for 6G Satellite-UAV-Terrestrial Networks}, 
  year={2024},
  volume={25},
  number={3},
  pages={3009-3019},
  keywords={Satellites;Real-time systems;Autonomous aerial vehicles;Resource management;Satellite broadcasting;Genetic algorithms;Complexity theory;UAV-aided ISTN;caching;game theory;genetic algorithm;real-time optimization},
  doi={10.1109/TITS.2023.3287279}}

@article{bharti2022noisy,
  title={Noisy intermediate-scale quantum algorithms},
  author={Bharti, Kishor and Cervera-Lierta, Alba and Kyaw, Thi Ha and Haug, Tobias and Alperin-Lea, Sumner and Anand, Abhinav and Degroote, Matthias and Heimonen, Hermanni and Kottmann, Jakob S and Menke, Tim and others},
  journal={Reviews of Modern Physics},
  volume={94},
  number={1},
  pages={015004},
  year={2022},
  publisher={APS}
}
@article{magnanti1981accelerating,
  title={Accelerating Benders decomposition: Algorithmic enhancement and model selection criteria},
  author={Magnanti, Thomas L and Wong, Richard T},
  journal={Operations research},
  volume={29},
  number={3},
  pages={464--484},
  year={1981},
  publisher={INFORMS}
}
@ARTICLE{10614917,
  author={Zhang, Yu and Gong, Yanmin and Fan, Lei and Wang, Yu and Han, Zhu and Guo, Yuanxiong},
  journal={IEEE Transactions on Network Science and Engineering}, 
  title={Quantum-Assisted Joint Caching and Power Allocation for Integrated Satellite-Terrestrial Networks}, 
  year={2024},
  volume={11},
  number={6},
  pages={5163-5174},
  keywords={Quantum computing;Satellites;Throughput;Resource management;Optimization;Qubit;Low earth orbit satellites;Integrated satellite-terrestrial network;cache placement;content delivery;quantum computing;generalized Benders' decomposition},
  doi={10.1109/TNSE.2024.3435444}}

@article{burer2012non,
  title={Non-convex mixed-integer nonlinear programming: A survey},
  author={Burer, Samuel and Letchford, Adam N},
  journal={Surveys in Operations Research and Management Science},
  volume={17},
  number={2},
  pages={97--106},
  year={2012},
  publisher={Elsevier}
}
@inproceedings{zhao2022hybrid,
  title={Hybrid quantum benders’ decomposition for mixed-integer linear programming},
  author={Zhao, Zhongqi and Fan, Lei and Han, Zhu},
  booktitle={2022 IEEE Wireless Communications and Networking Conference (WCNC)},
  pages={2536--2540},
  year={2022},
  organization={IEEE}
}
@article{kochenberger2014unconstrained,
  title={The unconstrained binary quadratic programming problem: a survey},
  author={Kochenberger, Gary and Hao, Jin-Kao and Glover, Fred and Lewis, Mark and L{\"u}, Zhipeng and Wang, Haibo and Wang, Yang},
  journal={Journal of combinatorial optimization},
  volume={28},
  pages={58--81},
  year={2014},
  publisher={Springer}
}
@article{zhao2022hybrid,
  title={Hybrid quantum benders’ decomposition for mixed-integer linear programming},
  author={Zhao, Zhongqi and Fan, Lei and Han, Zhu},
  booktitle={2022 IEEE Wireless Communications and Networking Conference (WCNC)},
  pages={2536--2540},
  year={2022},
  organization={IEEE}
}
@book{scherer2019mathematics,
  title={Mathematics of quantum computing},
  author={Scherer, Wolfgang},
  volume={11},
  year={2019},
  publisher={Springer}
}
@book{li2006nonlinear,
  title={Nonlinear integer programming},
  author={Li, Duan and Sun, Xiaoling and others},
  volume={84},
  year={2006},
  publisher={Springer}
}
@article{geoffrion1972generalized,
  title={Generalized benders decomposition},
  author={Geoffrion, Arthur M},
  journal={Journal of optimization theory and applications},
  volume={10},
  pages={237--260},
  year={1972},
  publisher={Springer}
}
@article{aps2022mosek,
  title={Mosek optimizer API for python},
  author={ApS, Mosek},
  journal={Version},
  volume={9},
  number={17},
  pages={6--4},
  year={2022}
}
@book{boyd2004convex,
  title={Convex optimization},
  author={Boyd, Stephen P and Vandenberghe, Lieven},
  year={2004},
  publisher={Cambridge university press}
}
@article{di2018ultra,
  title={Ultra-dense LEO: Integrating terrestrial-satellite networks into 5G and beyond for data offloading},
  author={Di, Boya and Zhang, Hongliang and Song, Lingyang and Li, Yonghui and Li, Geoffrey Ye},
  journal={IEEE Transactions on Wireless Communications},
  volume={18},
  number={1},
  pages={47--62},
  year={2018},
  publisher={IEEE}
}
@ARTICLE{10381828,
  author={Mao, Wei and Lu, Xingjian and Jiang, Yuhui and Zheng, Haikun},
  journal={IEEE Transactions on Services Computing}, 
  title={Joint Client Selection and Bandwidth Allocation of Wireless Federated Learning by Deep Reinforcement Learning}, 
  year={2024},
  volume={17},
  number={1},
  pages={336-348},
  keywords={Training;Wireless communication;Servers;Data models;Costs;Channel allocation;Bandwidth;Wireless federated learning;client selection;bandwidth allocation;deep reinforcement learning},
  doi={10.1109/TSC.2024.3350050}}
@ARTICLE{10012407,
  author={Bi, Xiaodan and Zhao, Lian},
  journal={IEEE Internet of Things Journal}, 
  title={Collaborative Caching Strategy for RL-Based Content Downloading Algorithm in Clustered Vehicular Networks}, 
  year={2023},
  volume={10},
  number={11},
  pages={9585-9596},
  keywords={Clustering algorithms;Heuristic algorithms;Delays;Collaboration;Vehicle dynamics;Prediction algorithms;Costs;Content caching;content popularity prediction;Internet of Vehicles (IoV);reinforcement learning (RL);vehicle clustering},
  doi={10.1109/JIOT.2023.3235661}}

@INPROCEEDINGS{10012821,
  author={Cui, Yaping and Cao, Li and He, Peng and Wang, Ruyan and Wu, Dapeng},
  booktitle={2022 IEEE 96th Vehicular Technology Conference (VTC2022-Fall)}, 
  title={Spatial-Temporal Correlation Multi-Agent Caching Policy in IoV}, 
  year={2022},
  volume={},
  number={},
  pages={1-5},
  keywords={Vehicular and wireless technologies;Correlation;Simulation;Reinforcement learning;Prediction algorithms;Delays;Internet;Internet of vehicles;spatial-temporal correlation;multi-agent reinforcement learning;caching},
  doi={10.1109/VTC2022-Fall57202.2022.10012821}}

@ARTICLE{9868114,
  author={Qiao, Dewen and Guo, Songtao and Liu, Defang and Long, Saiqin and Zhou, Pengzhan and Li, Zhetao},
  journal={IEEE Transactions on Parallel and Distributed Systems}, 
  title={Adaptive Federated Deep Reinforcement Learning for Proactive Content Caching in Edge Computing}, 
  year={2022},
  volume={33},
  number={12},
  pages={4767-4782},
  keywords={Servers;Data models;Adaptation models;Internet of Things;Reinforcement learning;Feature extraction;Delays;Content caching;deep reinforcement learning;edge computing;federated learning;resource constraint},
  doi={10.1109/TPDS.2022.3201983}}

@INPROCEEDINGS{10012821,
  author={Cui, Yaping and Cao, Li and He, Peng and Wang, Ruyan and Wu, Dapeng},
  booktitle={2022 IEEE 96th Vehicular Technology Conference (VTC2022-Fall)}, 
  title={Spatial-Temporal Correlation Multi-Agent Caching Policy in IoV}, 
  year={2022},
  volume={},
  number={},
  pages={1-5},
  keywords={Vehicular and wireless technologies;Correlation;Simulation;Reinforcement learning;Prediction algorithms;Delays;Internet;Internet of vehicles;spatial-temporal correlation;multi-agent reinforcement learning;caching},
  doi={10.1109/VTC2022-Fall57202.2022.10012821}}

@article{brunero2022fundamental,
  title={Fundamental limits of combinatorial multi-access caching},
  author={Brunero, Federico and Elia, Petros},
  journal={IEEE Transactions on Information Theory},
  volume={69},
  number={2},
  pages={1037--1056},
  year={2022},
  publisher={IEEE}
}
@ARTICLE{6795963,
  author={Hochreiter, Sepp and Schmidhuber, Jürgen},
  journal={Neural Computation}, 
  title={Long Short-Term Memory}, 
  year={1997},
  volume={9},
  number={8},
  pages={1735-1780},
  keywords={},
  doi={10.1162/neco.1997.9.8.1735}}

@ARTICLE{9234632,
  author={Zhang, Zhe and Tao, Meixia},
  journal={IEEE Transactions on Wireless Communications}, 
  title={Deep Learning for Wireless Coded Caching With Unknown and Time-Variant Content Popularity}, 
  year={2021},
  volume={20},
  number={2},
  pages={1152-1163},
  keywords={Wireless networks;Base stations;Deep learning;Reinforcement learning;Delays;Correlation;Coded caching;clustering;LSTM;deep reinforcement learning;supervised learning},
  doi={10.1109/TWC.2020.3030973}}

@ARTICLE{9215049,
  author={Chen, Qi and Wang, Wei and Yu, F. Richard and Tao, Meixia and Zhang, Zhaoyang},
  journal={IEEE Transactions on Wireless Communications}, 
  title={Content Caching Oriented Popularity Prediction: A Weighted Clustering Approach}, 
  year={2021},
  volume={20},
  number={1},
  pages={623-636},
  keywords={Servers;Clustering algorithms;Prediction algorithms;Market research;Wireless communication;Electronic mail;Base stations;Content caching;popularity prediction;clustering;regret minimization;feedforward neural network (FNN)},
  doi={10.1109/TWC.2020.3027596}}


@ARTICLE{9874801,
  author={Qin et al., Peng},
  journal={IEEE IoT Journal}, 
  title={Content Service Oriented Resource Allocation for Space–Air–Ground Integrated 6G Networks: A Three-Sided Cyclic Matching Approach}, 
  year={2023},
  volume={10},
  number={1},
  pages={828-839},
  keywords={Resource management;Space-air-ground integrated networks;Internet of Things;Solid modeling;Throughput;Power systems;Data communication;Content service oriented;resource allocation;space–air–ground integrated 6G networks (SAGIN 6G);three-sided cyclic matching},
  doi={10.1109/JIOT.2022.3203793}}

@article{pratap2021stable,
  title={{Stable matching based resource allocation for service provider's revenue maximization in 5G networks}},
  author={Pratap, Ajay and Das, Sajal K},
  journal={IEEE Transactions on Mobile Computing},
  volume={21},
  number={11},
  pages={4094--4110},
  year={2021},
  publisher={IEEE}
}


@article{pratap2022cyclic,
  title={{Cyclic stable matching inspired resource provisioning for IoT-enabled 5G networks}},
  author={Pratap, Ajay},
  journal={IEEE Transactions on Vehicular Technology},
  volume={71},
  number={11},
  pages={12195--12205},
  year={2022},
  publisher={IEEE}
}

@article{zawish2024ai,
  title={{AI and 6G into the metaverse: Fundamentals, challenges and future research trends}},
  author={Zawish, Muhammad and Dharejo, Fayaz Ali and Khowaja, Sunder Ali and Raza, Saleem and Davy, Steven and Dev, Kapal and Bellavista, Paolo},
  journal={IEEE Open Journal of the Communications Society},
  volume={5},
  pages={730--778},
  year={2024},
  publisher={IEEE}
}

@article{cai2024toward,
  title={{Toward 6G with terahertz communications: Understanding the propagation channels}},
  author={Cai, Xuesong and Cheng, Xiang and Tufvesson, Fredrik},
  journal={IEEE Communications Magazine},
  volume={62},
  number={2},
  pages={32--38},
  year={2024},
  publisher={IEEE}
}

@article{pratap2019maximizing,
  title={{Maximizing fairness for resource allocation in heterogeneous 5G networks}},
  author={Pratap, Ajay and Misra, Rajiv and Das, Sajal K},
  journal={IEEE transactions on mobile computing},
  volume={20},
  number={2},
  pages={603--619},
  year={2019},
  publisher={IEEE}
}

@ARTICLE{10288222,
  author={Qin et al., Peng},
  journal={IEEE Trans on Network Science and Eng.}, 
  title={Optimal Resource Allocation for AGIN 6G: A Learning-Based Three-Sided Matching Approach}, 
  year={2024},
  volume={11},
  number={2},
  pages={1553-1565},
  keywords={6G mobile communication;Resource management;Uncertainty;Autonomous aerial vehicles;Machine learning algorithms;Heuristic algorithms;Throughput;Air ground integrated 6G heterogeneous networks (AGIN 6G);matching learning;resource allocation;three-sided cyclic matching},
  doi={10.1109/TNSE.2023.3325356}}

@ARTICLE{9190138,
  author={Li et al., Yuan},
  journal={China Comm.}, 
  title={Research on the evolution of global internet network interconnection relationship in 21 years}, 
  year={2020},
  volume={17},
  number={8},
  pages={158-167},
  keywords={Internet;Routing;Autonomous systems;IP networks;Protocols;Big Data;Databases;autonomous system;inter-domain routing system;internet governance},
  doi={10.23919/JCC.2020.08.013}}

@INPROCEEDINGS{10297374,
  author={Dai et al., Xin},
  booktitle={2023 15th ICCSN}, 
  title={Priority-Aware Task Offloading and Resource Allocation in Satellite and HAP Assisted Edge-Cloud Collaborative Networks}, 
  year={2023},
  volume={},
  number={},
  pages={166-171},
  keywords={Cloud computing;Time division multiple access;Satellites;Stochastic processes;Quality of service;Space-air-ground integrated networks;Media Access Protocol;Mobile edge computing;task offloading;resource allocation;high altitude platform;satellite},
  doi={10.1109/ICCSN57992.2023.10297374}}
@ARTICLE{9748064,
  author={Hou et al., Xiangwang},
  journal={IEEE Network}, 
  title={Edge Intelligence for Mission-Critical 6G Services in Space-Air-Ground Integrated Networks}, 
  year={2022},
  volume={36},
  number={2},
  pages={181-189},
  keywords={Mission critical systems;Reliability;Satellites;Microservice architectures;Virtualization;Measurement;6G mobile communication},
  doi={10.1109/MNET.121.2100324}}

@ARTICLE{10065490,
  author={Zhou et al., Huan},
  journal={IEEE Trans on Net. Sci. and Eng.}, 
  title={Cost Minimization-Oriented Computation Offloading and Service Caching in Mobile Cloud-Edge Computing: An A3C-Based Approach}, 
  year={2023},
  volume={10},
  number={3},
  pages={1326-1338},
  keywords={Costs;Task analysis;Resource management;Delays;Cloud computing;Internet of Things;Optimization;A3C;Computation Offloading;Mobile Cloud-Edge Computing;Service Caching},
  doi={10.1109/TNSE.2023.3255544}}

@ARTICLE{7994721,
  author={Li et al., Taixin},
  journal={IEEE Trans on Mob. Comp.}, 
  title={SERvICE: A Software Defined Framework for Integrated Space-Terrestrial Satellite Communication}, 
  year={2018},
  volume={17},
  number={3},
  pages={703-716},
  keywords={Satellites;Satellite broadcasting;Quality of service;Prototypes;Software;Heuristic algorithms;Network function virtualization;quality of service;software defined network;space and terrestrial networks},
  doi={10.1109/TMC.2017.2732343}}

@ARTICLE{9005430,
  author={Yu et al., Quan},
  journal={Journal of Comm. and Inf. Net.}, 
  title={A Fully-Decoupled RAN Architecture for 6G Inspired by Neurotransmission}, 
  year={2019},
  volume={4},
  number={4},
  pages={15-23},
  keywords={Neurotransmitters;Synapses;Axons;Chemicals;5G mobile communication;Biological neural networks;6G;architecture design;RAN;neural network;neurotransmission},
  doi={10.23919/JCIN.2019.9005430}}

@ARTICLE{9628162,
  author={Guo et al., Hongzhi},
  journal={IEEE Comm. Surveys \& Tutorials}, 
  title={A Survey on Space-Air-Ground-Sea Integrated Network Security in 6G}, 
  year={2022},
  volume={24},
  number={1},
  pages={53-87},
  keywords={Security;6G mobile communication;5G mobile communication;Satellite broadcasting;Computer architecture;Autonomous aerial vehicles;Wireless networks;Space-air-ground-sea integrated network;B5G;6G;security threats;attack methodologies;defense countermeasures},
  doi={10.1109/COMST.2021.3131332}}

@ARTICLE{9195908,
  author={Qiao et al.,},
  journal={IEEE Internet Comp.}, 
  title={6G Vision: An AI-Driven Decentralized Network and Service Architecture}, 
  year={2020},
  volume={24},
  number={4},
  pages={33-40},
  keywords={6G mobile communication;Computer architecture;5G mobile communication;Artificial intelligence;Servers;Cloud computing;Computational modeling},
  doi={10.1109/MIC.2020.2987738}}

@ARTICLE{9626560,
  author={Liu et al., Jiayan},
  journal={IEEE Trans on Network Science and Eng.}, 
  title={Joint Dynamic Task Offloading and Resource Scheduling for WPT Enabled Space-Air-Ground Power Internet of Things}, 
  year={2022},
  volume={9},
  number={2},
  pages={660-677},
  keywords={Task analysis;Satellites;Resource management;Dynamic scheduling;Optimization;Costs;Internet of Things;Space-Air-Ground Power Internet of Things (SAG-PIoT);wireless power transmission (WPT);task offloading;resource scheduling;Lyapunov optimization},
  doi={10.1109/TNSE.2021.3130251}}

@article{fg2020representative,
  title={Representative use cases and key network requirements for network 2030},
  author={FG-NET2030, I},
  journal={FG-NET2030 document NET2030-O-027},
  year={2020}
}
@ARTICLE{9755995,
  author={Chen et al.},
  journal={IEEE Comm. Letters}, 
  title={Trajectory Design and Link Selection in UAV-Assisted Hybrid Satellite-Terrestrial Network}, 
  year={2022},
  volume={26},
  number={7},
  pages={1643-1647},
  keywords={Satellites;Low earth orbit satellites;Autonomous aerial vehicles;Trajectory;Fading channels;Signal to noise ratio;Bandwidth;Unmanned aerial vehicles (UAVs);trajectory design;graph neural network (GNN);reinforcement learning;satellite networks},
  doi={10.1109/LCOMM.2022.3166961}}

@ARTICLE{8856195,
  author={Li et al., Zhendong},
  journal={IEEE Access}, 
  title={Energy Efficient Resource Allocation for UAV-Assisted Space-Air-Ground Internet of Remote Things Networks}, 
  year={2019},
  volume={7},
  number={},
  pages={145348-145362},
  keywords={Relays;Smart devices;Satellites;Unmanned aerial vehicles;Resource management;Power control;Forestry;Energy efficiency;SAG-IoRT networks;UAV relays;Lagrangian dual decomposition;SCA},
  doi={10.1109/ACCESS.2019.2945478}}

@ARTICLE{9042882,
  author={Hu et al., Ye},
  journal={IEEE Trans on Wireless Comm.}, 
  title={Joint Access and Backhaul Resource Management in Satellite-Drone Networks: A Competitive Market Approach}, 
  year={2020},
  volume={19},
  number={6},
  pages={3908-3923},
  keywords={Satellite broadcasting;Resource management;ISDN;Base stations;Drones;Wireless communication;Quality of service;Drones;satellite networks;resource allocation;competitive market},
  doi={10.1109/TWC.2020.2979127}}

@ARTICLE{9184929,
  author={Jia et al., Ziye},
  journal={IEEE IoT Journal}, 
  title={LEO-Satellite-Assisted UAV: Joint Trajectory and Data Collection for Internet of Remote Things in 6G Aerial Access Networks}, 
  year={2021},
  volume={8},
  number={12},
  pages={9814-9826},
  keywords={Satellites;Low earth orbit satellites;Unmanned aerial vehicles;Trajectory;Data collection;Optical sensors;6G;aerial access network;column generation;Dantzig–Wolfe;decomposition;Internet of Remote Things (IoRT);low Earth orbit (LEO) satellite;unmanned aerial vehicles (UAVs)},
  doi={10.1109/JIOT.2020.3021255}}

@ARTICLE{9023370,
  author={Huang et al., Qingquan},
  journal={IEEE Trans on Comm.}, 
  title={Energy Efficient Beamforming Schemes for Satellite-Aerial-Terrestrial Networks}, 
  year={2020},
  volume={68},
  number={6},
  pages={3863-3875},
  keywords={Satellites;Array signal processing;Unmanned aerial vehicles;Relays;Mathematical model;Fading channels;Satellite broadcasting;Angular information;beamforming;energy efficiency;satellite-aerial-terrestrial network},
  doi={10.1109/TCOMM.2020.2978044}}

@ARTICLE{8808168,
  author={Letaief et al., Khaled B.},
  journal={IEEE Comm. Magazine}, 
  title={The Roadmap to 6G: AI Empowered Wireless Networks}, 
  year={2019},
  volume={57},
  number={8},
  pages={84-90},
  keywords={6G mobile communication;5G mobile communication;Artificial intelligence;Hardware;Computer architecture;Wireless communication;Protocols},
  doi={10.1109/MCOM.2019.1900271}}

@ARTICLE{9165228,
  author={Zhang et al., Tiankui},
  journal={IEEE Trans. on Veh. Tech.}, 
  title={Caching Placement and Resource Allocation for Cache-Enabling UAV NOMA Networks}, 
  year={2020},
  volume={69},
  number={11},
  pages={12897-12911},
  keywords={Resource management;NOMA;Cellular networks;Optimization;Approximation algorithms;Heuristic algorithms;Wireless communication;Dynamic resource allocation;non-orthogonal multiple access;reinforcement learning;unmanned aerial vehicle},
  doi={10.1109/TVT.2020.3015578}}


@ARTICLE{9453853,
  author={Do-Duy et al., Tan},
  journal={IEEE Journal on Selected Areas in Comm.}, 
  title={Joint Optimisation of Real-Time Deployment and Resource Allocation for UAV-Aided Disaster Emergency Communications}, 
  year={2021},
  volume={39},
  number={11},
  pages={3411-3424},
  keywords={Resource management;Relays;Real-time systems;Quality of service;Optimization;Trajectory;Unmanned aerial vehicles;UAV cellular communication;K-means clustering;convex optimisation;embedded programming;disaster communication},
  doi={10.1109/JSAC.2021.3088662}}

@ARTICLE{9222119,
  author={Nguyen et al., Long Dinh},
  journal={IEEE Trans on Comm.}, 
  title={Energy-Efficient Multi-Cell Massive MIMO Subject to Minimum User-Rate Constraints}, 
  year={2021},
  volume={69},
  number={2},
  pages={914-928},
  keywords={Quality of service;Throughput;Transmitting antennas;Array signal processing;Intercell interference;Massive MIMO;Multi-cell massive MIMO system;beamformer design;energy efficiency;quality-of-service;user service scheduling;nonconvex optimization},
  doi={10.1109/TCOMM.2020.3030780}}

@ARTICLE{9678021,
  author={Tran et al., Dinh-Hieu},
  journal={IEEE Open Journal of Veh. Tech.}, 
  title={Satellite- and Cache-Assisted UAV: A Joint Cache Placement, Resource Allocation, and Trajectory Optimization for 6G Aerial Networks}, 
  year={2022},
  volume={3},
  number={},
  pages={40-54},
  keywords={Autonomous aerial vehicles;Low earth orbit satellites;Trajectory;6G mobile communication;Satellite broadcasting;Throughput;Optimization;6G;caching;non-terrestrial;resource allocation;satellite;unmanned aerial vehicle (UAV)},
  doi={10.1109/OJVT.2022.3142170}}

@INPROCEEDINGS{7510820,
  author={Bor-Yaliniz et al., R.},
  booktitle={2016 IEEE ICC}, 
  title={Efficient 3-D placement of an aerial base station in next generation cellular networks}, 
  year={2016},
  volume={},
  number={},
  pages={1-5},
  keywords={Base stations;Quality of service;Channel models;Next generation networking;Urban areas;Macrocell networks;Atmospheric modeling},
  doi={10.1109/ICC.2016.7510820}}

@STRING{IEEE_J_AES        = "{IEEE} Transactions on Aerospace and Electronic Systems"}
@STRING{IEEE_J_ANE        = "{IEEE} Transactions on Aerospace and Navigational Electronics"}
@STRING{IEEE_J_ANNE       = "{IEEE} Transactions on Aeronautical and Navigational Electronics"}
@STRING{IEEE_J_AS         = "{IEEE} Transactions on Aerospace"}
@STRING{IEEE_J_AIRE       = "{IEEE} Transactions on Airborne Electronics"}
@STRING{IEEE_J_MIL        = "{IEEE} Transactions on Military Electronics"}



autos, transportation and vehicles (non-aerospace)
@STRING{IEEE_J_ITS        = "{IEEE} Transactions on Intelligent Transportation Systems"}
@STRING{IEEE_J_VT         = "{IEEE} Transactions on Vehicular Technology"}
@STRING{IEEE_J_VC         = "{IEEE} Transactions on Vehicular Communications"}



circuits, signals, systems, audio and controls
@STRING{IEEE_J_SPL        = "{IEEE} Signal Processing Letters"}
@STRING{IEEE_J_ASSP       = "{IEEE} Transactions on Acoustics, Speech, and Signal Processing"}
@STRING{IEEE_J_AU         = "{IEEE} Transactions on Audio"}
@STRING{IEEE_J_AUEA       = "{IEEE} Transactions on Audio and Electroacoustics"}
@STRING{IEEE_J_AC         = "{IEEE} Transactions on Automatic Control"}
@STRING{IEEE_J_CAS        = "{IEEE} Transactions on Circuits and Systems"}
@STRING{IEEE_J_CASVT      = "{IEEE} Transactions on Circuits and Systems for Video Technology"}
@STRING{IEEE_J_CASI       = "{IEEE} Transactions on Circuits and Systems---Part {I}: Fundamental Theory and Applications"}
@STRING{IEEE_J_CASII      = "{IEEE} Transactions on Circuits and Systems---Part {II}: Analog and Digital Signal Processing"}
in 2004 CASI and CASII renamed part title to CASI_RP and CASII_EB, respectively.
@STRING{IEEE_J_CASI_RP    = "{IEEE} Transactions on Circuits and Systems---Part {I}: Regular Papers"}
@STRING{IEEE_J_CASII_EB   = "{IEEE} Transactions on Circuits and Systems---Part {II}: Express Briefs"}
@STRING{IEEE_J_CT         = "{IEEE} Transactions on Circuit Theory"}
@STRING{IEEE_J_CST        = "{IEEE} Transactions on Control Systems Technology"}
@STRING{IEEE_J_SP         = "{IEEE} Transactions on Signal Processing"}
@STRING{IEEE_J_SU         = "{IEEE} Transactions on Sonics and Ultrasonics"}
@STRING{IEEE_J_SAP        = "{IEEE} Transactions on Speech and Audio Processing"}
@STRING{IEEE_J_UE         = "{IEEE} Transactions on Ultrasonics Engineering"}
@STRING{IEEE_J_UFFC       = "{IEEE} Transactions on Ultrasonics, Ferroelectrics, and Frequency Control"}



communications
@STRING{IEEE_J_COML       = "{IEEE} Communications Letters"}
@STRING{IEEE_J_JSAC       = "{IEEE} Journal on Selected Areas in Communications"}
@STRING{IEEE_J_COM        = "{IEEE} Transactions on Communications"}
@STRING{IEEE_J_COMT       = "{IEEE} Transactions on Communication Technology"}
@STRING{IEEE_J_WCOM       = "{IEEE} Transactions on Wireless Communications"}



components, packaging and manufacturing
@STRING{IEEE_J_ADVP       = "{IEEE} Transactions on Advanced Packaging"}
@STRING{IEEE_J_CHMT       = "{IEEE} Transactions on Components, Hybrids and Manufacturing Technology"}
@STRING{IEEE_J_CPMTA      = "{IEEE} Transactions on Components, Packaging and Manufacturing Technology---Part {A}"}
@STRING{IEEE_J_CPMTB      = "{IEEE} Transactions on Components, Packaging and Manufacturing Technology---Part {B}: Advanced Packaging"}
@STRING{IEEE_J_CPMTC      = "{IEEE} Transactions on Components, Packaging and Manufacturing Technology---Part {C}: Manufacturing"}
@STRING{IEEE_J_CAPT       = "{IEEE} Transactions on Components and Packaging Technology"}
@STRING{IEEE_J_CAPTS      = "{IEEE} Transactions on Components and Packaging Technologies"}
@STRING{IEEE_J_CPART      = "{IEEE} Transactions on Component Parts"}
@STRING{IEEE_J_EPM        = "{IEEE} Transactions on Electronics Packaging Manufacturing"}
@STRING{IEEE_J_MFT        = "{IEEE} Transactions on Manufacturing Technology"}
@STRING{IEEE_J_PHP        = "{IEEE} Transactions on Parts, Hybrids and Packaging"}
@STRING{IEEE_J_PMP        = "{IEEE} Transactions on Parts, Materials and Packaging"}



CAD
@STRING{IEEE_J_TCAD       = "{IEEE} Journal on Technology in Computer Aided Design"}
@STRING{IEEE_J_CAD        = "{IEEE} Transactions on Computer-Aided Design of Integrated Circuits and Systems"}



coding, data, information, knowledge
@STRING{IEEE_J_IT         = "{IEEE} Transactions on Information Theory"}
@STRING{IEEE_J_KDE        = "{IEEE} Transactions on Knowledge and Data Engineering"}



computers, computation, networking and software
@STRING{IEEE_J_C          = "{IEEE} Transactions on Computers"}
@STRING{IEEE_J_CAL        = "{IEEE} Computer Architecture Letters"}
@STRING{IEEE_J_DSC        = "{IEEE} Transactions on Dependable and Secure Computing"}
@STRING{IEEE_J_ECOMP      = "{IEEE} Transactions on Electronic Computers"}
@STRING{IEEE_J_EVC        = "{IEEE} Transactions on Evolutionary Computation"}
@STRING{IEEE_J_FUZZ       = "{IEEE} Transactions on Fuzzy Systems"}
@STRING{IEEE_J_IFS        = "{IEEE} Transactions on Information Forensics and Security"}
@STRING{IEEE_J_MC         = "{IEEE} Transactions on Mobile Computing"}
@STRING{IEEE_J_NET        = "{IEEE/ACM} Transactions on Networking"}
@STRING{IEEE_J_NN         = "{IEEE} Transactions on Neural Networks"}
@STRING{IEEE_J_PDS        = "{IEEE} Transactions on Parallel and Distributed Systems"}
@STRING{IEEE_J_SE         = "{IEEE} Transactions on Software Engineering"}



computer graphics, imaging, and multimedia
@STRING{IEEE_J_JDT        = "{IEEE/OSA} Journal of Display Technology"}
@STRING{IEEE_J_IP         = "{IEEE} Transactions on Image Processing"}
@STRING{IEEE_J_MM         = "{IEEE} Transactions on Multimedia"}
@STRING{IEEE_J_VCG        = "{IEEE} Transactions on Visualization and Computer Graphics"}



cybernetics, ergonomics, robots, man-machine, and automation
@STRING{IEEE_J_ASE        = "{IEEE} Transactions on Automation Science and Engineering"}
@STRING{IEEE_J_JRA        = "{IEEE} Journal of Robotics and Automation"}
@STRING{IEEE_J_HFE        = "{IEEE} Transactions on Human Factors in Electronics"}
@STRING{IEEE_J_MMS        = "{IEEE} Transactions on Man-Machine Systems"}
@STRING{IEEE_J_PAMI       = "{IEEE} Transactions on Pattern Analysis and Machine Intelligence"}
in 1989 JRA became RA
in August 2004, RA split into ASE and RO
@STRING{IEEE_J_RA         = "{IEEE} Transactions on Robotics and Automation"}
@STRING{IEEE_J_RO         = "{IEEE} Transactions on Robotics"}
@STRING{IEEE_J_SMC        = "{IEEE} Transactions on Systems, Man, and Cybernetics"}
@STRING{IEEE_J_SMCA       = "{IEEE} Transactions on Systems, Man, and Cybernetics---Part {A}: Systems and Humans"}
@STRING{IEEE_J_SMCB       = "{IEEE} Transactions on Systems, Man, and Cybernetics---Part {B}: Cybernetics"}
@STRING{IEEE_J_SMCC       = "{IEEE} Transactions on Systems, Man, and Cybernetics---Part {C}: Applications and Reviews"}
@STRING{IEEE_J_SSC        = "{IEEE} Transactions on Systems Science and Cybernetics"}



earth, wind, fire and water
@STRING{IEEE_J_GE         = "{IEEE} Transactions on Geoscience Electronics"}
@STRING{IEEE_J_GRS        = "{IEEE} Transactions on Geoscience and Remote Sensing"}
@STRING{IEEE_J_GRSL       = "{IEEE} Geoscience and Remote Sensing Letters"}
@STRING{IEEE_J_OE         = "{IEEE} Journal of Oceanic Engineering"}



education, engineering, history, IEEE, professional
@STRING{IEEE_J_CJECE      = "Canadian Journal of Electrical and Computer Engineering"}
@STRING{IEEE_J_PROC       = "Proceedings of the {IEEE}"}
@STRING{IEEE_J_EDU        = "{IEEE} Transactions on Education"}
@STRING{IEEE_J_EM         = "{IEEE} Transactions on Engineering Management"}
@STRING{IEEE_J_EWS        = "{IEEE} Transactions on Engineering Writing and Speech"}
@STRING{IEEE_J_PC         = "{IEEE} Transactions on Professional Communication"}



electromagnetics, antennas, EMI, magnetics and microwave
@STRING{IEEE_J_AWPL       = "{IEEE} Antennas and Wireless Propagation Letters"}
@STRING{IEEE_J_MGWL       = "{IEEE} Microwave and Guided Wave Letters"}
@STRING{IEEE_J_MWCL       = "{IEEE} Microwave and Wireless Components Letters"}
@STRING{IEEE_J_AP         = "{IEEE} Transactions on Antennas and Propagation"}
@STRING{IEEE_J_EMC        = "{IEEE} Transactions on Electromagnetic Compatibility"}
@STRING{IEEE_J_MAG        = "{IEEE} Transactions on Magnetics"}
@STRING{IEEE_J_MTT        = "{IEEE} Transactions on Microwave Theory and Techniques"}
@STRING{IEEE_J_RFI        = "{IEEE} Transactions on Radio Frequency Interference"}
@STRING{IEEE_J_TJMJ       = "{IEEE} Translation Journal on Magnetics in Japan"}



energy and power
@STRING{IEEE_J_EC         = "{IEEE} Transactions on Energy Conversion"}
@STRING{IEEE_J_PEL        = "{IEEE} Power Electronics Letters"}
@STRING{IEEE_J_PWRAS      = "{IEEE} Transactions on Power Apparatus and Systems"}
@STRING{IEEE_J_PWRD       = "{IEEE} Transactions on Power Delivery"}
@STRING{IEEE_J_PWRE       = "{IEEE} Transactions on Power Electronics"}
@STRING{IEEE_J_PWRS       = "{IEEE} Transactions on Power Systems"}



industrial, commercial and consumer
@STRING{IEEE_J_APPIND     = "{IEEE} Transactions on Applications and Industry"}
@STRING{IEEE_J_BC         = "{IEEE} Transactions on Broadcasting"}
@STRING{IEEE_J_BCTV       = "{IEEE} Transactions on Broadcast and Television Receivers"}
@STRING{IEEE_J_CE         = "{IEEE} Transactions on Consumer Electronics"}
@STRING{IEEE_J_IE         = "{IEEE} Transactions on Industrial Electronics"}
@STRING{IEEE_J_IECI       = "{IEEE} Transactions on Industrial Electronics and Control Instrumentation"}
@STRING{IEEE_J_IA         = "{IEEE} Transactions on Industry Applications"}
@STRING{IEEE_J_IGA        = "{IEEE} Transactions on Industry and General Applications"}
@STRING{IEEE_J_IINF       = "{IEEE} Transactions on Industrial Informatics"}
@STRING{IEEE_J_PSE        = "{IEEE} Journal of Product Safety Engineering"}



instrumentation and measurement
@STRING{IEEE_J_IM         = "{IEEE} Transactions on Instrumentation and Measurement"}



insulation and materials
@STRING{IEEE_J_JEM        = "{IEEE/TMS} Journal of Electronic Materials"}
@STRING{IEEE_J_DEI        = "{IEEE} Transactions on Dielectrics and Electrical Insulation"}
@STRING{IEEE_J_EI         = "{IEEE} Transactions on Electrical Insulation"}



mechanical
@STRING{IEEE_J_MECH       = "{IEEE/ASME} Transactions on Mechatronics"}
@STRING{IEEE_J_MEMS       = "{IEEE/ASME} Journal of Microelectromechanical Systems"}



medical and biological
@STRING{IEEE_J_BME        = "{IEEE} Transactions on Biomedical Engineering"}
Note: The B-ME journal later dropped the hyphen and became the BME.
@STRING{IEEE_J_B-ME       = "{IEEE} Transactions on Bio-Medical Engineering"}
@STRING{IEEE_J_BMELC      = "{IEEE} Transactions on Bio-Medical Electronics"}
@STRING{IEEE_J_CBB        = "{IEEE/ACM} Transactions on Computational Biology and Bioinformatics"}
@STRING{IEEE_J_ITBM       = "{IEEE} Transactions on Information Technology in Biomedicine"}
@STRING{IEEE_J_ME         = "{IEEE} Transactions on Medical Electronics"}
@STRING{IEEE_J_MI         = "{IEEE} Transactions on Medical Imaging"}
@STRING{IEEE_J_NB         = "{IEEE} Transactions on NanoBioscience"}
@STRING{IEEE_J_NSRE       = "{IEEE} Transactions on Neural Systems and Rehabilitation Engineering"}
@STRING{IEEE_J_RE         = "{IEEE} Transactions on Rehabilitation Engineering"}



optics, lightwave and photonics
@STRING{IEEE_J_PTL        = "{IEEE} Photonics Technology Letters"}
@STRING{IEEE_J_JLT        = "{IEEE/OSA} Journal of Lightwave Technology"}



physics, electrons, nanotechnology, nuclear and quantum electronics
@STRING{IEEE_J_EDL        = "{IEEE} Electron Device Letters"}
@STRING{IEEE_J_JQE        = "{IEEE} Journal of Quantum Electronics"}
@STRING{IEEE_J_JSTQE      = "{IEEE} Journal of Selected Topics in Quantum Electronics"}
@STRING{IEEE_J_ED         = "{IEEE} Transactions on Electron Devices"}
@STRING{IEEE_J_NANO       = "{IEEE} Transactions on Nanotechnology"}
@STRING{IEEE_J_NS         = "{IEEE} Transactions on Nuclear Science"}
@STRING{IEEE_J_PS         = "{IEEE} Transactions on Plasma Science"}



reliability
@STRING{IEEE_J_DMR        = "{IEEE} Transactions on Device and Materials Reliability"}
@STRING{IEEE_J_R          = "{IEEE} Transactions on Reliability"}



semiconductors, superconductors, electrochemical and solid state
@STRING{IEEE_J_ESSL       = "{IEEE/ECS} Electrochemical and Solid-State Letters"}
@STRING{IEEE_J_JSSC       = "{IEEE} Journal of Solid-State Circuits"}
@STRING{IEEE_J_ASC        = "{IEEE} Transactions on Applied Superconductivity"}
@STRING{IEEE_J_SM         = "{IEEE} Transactions on Semiconductor Manufacturing"}



sensors
@STRING{IEEE_J_SENSOR     = "{IEEE} Sensors Journal"}



VLSI
@STRING{IEEE_J_VLSI       = "{IEEE} Transactions on Very Large Scale Integration ({VLSI}) Systems"}






IEEE Magazines



@STRING{IEEE_M_AES        = "{IEEE} Aerospace and Electronics Systems Magazine"}
@STRING{IEEE_M_HIST       = "{IEEE} Annals of the History of Computing"}
@STRING{IEEE_M_AP         = "{IEEE} Antennas and Propagation Magazine"}
@STRING{IEEE_M_ASSP       = "{IEEE} {ASSP} Magazine"}
@STRING{IEEE_M_CD         = "{IEEE} Circuits and Devices Magazine"}
@STRING{IEEE_M_CAS        = "{IEEE} Circuits and Systems Magazine"}
@STRING{IEEE_M_COM        = "{IEEE} Communications Magazine"}
@STRING{IEEE_M_COMSOC     = "{IEEE} Communications Society Magazine"}
@STRING{IEEE_M_CIM        = "{IEEE} Computational Intelligence Magazine"}
CSEM changed to CSE in 1999
@STRING{IEEE_M_CSE        = "{IEEE} Computing in Science and Engineering"}
@STRING{IEEE_M_CSEM       = "{IEEE} Computational Science and Engineering Magazine"}
@STRING{IEEE_M_C          = "{IEEE} Computer"}
@STRING{IEEE_M_CAP        = "{IEEE} Computer Applications in Power"}
@STRING{IEEE_M_CGA        = "{IEEE} Computer Graphics and Applications"}
@STRING{IEEE_M_CONC       = "{IEEE} Concurrency"}
@STRING{IEEE_M_CS         = "{IEEE} Control Systems Magazine"}
@STRING{IEEE_M_DTC        = "{IEEE} Design and Test of Computers"}
@STRING{IEEE_M_EI         = "{IEEE} Electrical Insulation Magazine"}
@STRING{IEEE_M_ETR        = "{IEEE} ElectroTechnology Review"}
@STRING{IEEE_M_EMB        = "{IEEE} Engineering in Medicine and Biology Magazine"}
@STRING{IEEE_M_EMR        = "{IEEE} Engineering Management Review"}
@STRING{IEEE_M_EXP        = "{IEEE} Expert"}
@STRING{IEEE_M_IA         = "{IEEE} Industry Applications Magazine"}
@STRING{IEEE_M_IM         = "{IEEE} Instrumentation and Measurement Magazine"}
@STRING{IEEE_M_IS         = "{IEEE} Intelligent Systems"}
@STRING{IEEE_M_IC         = "{IEEE} Internet Computing"}
@STRING{IEEE_M_ITP        = "{IEEE} {IT} Professional"}
@STRING{IEEE_M_MICRO      = "{IEEE} Micro"}
@STRING{IEEE_M_MW         = "{IEEE} Microwave Magazine"}
@STRING{IEEE_M_MM         = "{IEEE} Multimedia"}
@STRING{IEEE_M_NET        = "{IEEE} Network"}
@STRING{IEEE_M_PCOM       = "{IEEE} Personal Communications Magazine"}
@STRING{IEEE_M_POT        = "{IEEE} Potentials"}
CAP and PER merged to form PE in 2003
@STRING{IEEE_M_PE         = "{IEEE} Power and Energy Magazine"}
@STRING{IEEE_M_PER        = "{IEEE} Power Engineering Review"}
@STRING{IEEE_M_PVC        = "{IEEE} Pervasive Computing"}
@STRING{IEEE_M_RA         = "{IEEE} Robotics and Automation Magazine"}
@STRING{IEEE_M_SAP        = "{IEEE} Security and Privacy"}
@STRING{IEEE_M_SP         = "{IEEE} Signal Processing Magazine"}
@STRING{IEEE_M_S          = "{IEEE} Software"}
@STRING{IEEE_M_SPECT      = "{IEEE} Spectrum"}
@STRING{IEEE_M_TS         = "{IEEE} Technology and Society Magazine"}
@STRING{IEEE_M_VT         = "{IEEE} Vehicular Technology Magazine"}
@STRING{IEEE_M_WC         = "{IEEE} Wireless Communications Magazine"}
@STRING{IEEE_M_TODAY      = "Today's Engineer"}






IEEE Online Publications 



@STRING{IEEE_O_CSTO        = "{IEEE} Communications Surveys and Tutorials"}
@STRING{IEEE_O_DSO         = "{IEEE} Distributed Systems Online"}





--
EOF
new ciations
@ARTICLE{10717449,
  author={Yang, Meiyi and Gao, Deyun and Zhang, Weiting and Yang, Dong and Niyato, Dusit and Zhang, Hongke and Leung, Victor C. M.},
  journal={IEEE Transactions on Mobile Computing}, 
  title={Deep Reinforcement Learning-Based Joint Caching and Routing in AI-Driven Networks}, 
  year={2025},
  volume={24},
  number={3},
  pages={1322-1337},
  keywords={Routing;Heuristic algorithms;Optimization;Costs;Spread spectrum communication;Mobile computing;Libraries;Collaboration;Artificial neural networks;Wireless networks;Action branching;caching;D3QN;marginal gain;routing;unknown popularity distribution},
  doi={10.1109/TMC.2024.3481276}}

@ARTICLE{9177109,
  author={Wei, Fengsheng and Feng, Gang and Sun, Yao and Wang, Yatong and Qin, Shuang and Liang, Ying-Chang},
  journal={IEEE Transactions on Network and Service Management}, 
  title={Network Slice Reconfiguration by Exploiting Deep Reinforcement Learning With Large Action Space}, 
  year={2020},
  volume={17},
  number={4},
  pages={2197-2211},
  keywords={Network slicing;Uncertainty;Resource management;Optimization;Machine learning;Substrates;Numerical models;Network slice reconfiguration;deep reinforcement learning;core network slicing;branch dueling q-network},
  doi={10.1109/TNSM.2020.3019248}}

@article{li2022federated,
  title={A federated learning-based edge caching approach for mobile edge computing-enabled intelligent connected vehicles},
  author={Li, Chunlin and Zhang, Yong and Luo, Youlong},
  journal={IEEE Transactions on Intelligent Transportation Systems},
  volume={24},
  number={3},
  pages={3360--3369},
  year={2022},
  publisher={IEEE}
}

@ARTICLE{10488443,
  author={Guo, Zhiqi and Tang, Fengxiao and Chen, Xuehan and Luo, Linfeng and Zhao, Ming},
  journal={IEEE Internet of Things Journal}, 
  title={Deep-Reinforcement-Learning-Based Content Caching in Satellite–Terrestrial Assisted Airborne Communications}, 
  year={2024},
  volume={11},
  number={12},
  pages={22779-22789},
  keywords={Aircraft;Delays;Satellites;Atmospheric modeling;Space vehicles;Heuristic algorithms;Autonomous aerial vehicles;Airborne communication;content delivery;deep reinforcement learning (DRL);satellite and terrestrial-assisted caching},
  doi={10.1109/JIOT.2024.3384313}}


@article{wang2014cache,
  title={Cache in the air: Exploiting content caching and delivery techniques for 5G systems},
  author={Wang, Xiaofei and Chen, Min and Taleb, Tarik and Ksentini, Adlen and Leung, Victor CM},
  journal={IEEE Communications Magazine},
  volume={52},
  number={2},
  pages={131--139},
  year={2014},
  publisher={IEEE}
}

@inproceedings{borst2010distributed,
  title={Distributed caching algorithms for content distribution networks},
  author={Borst, Sem and Gupta, Varun and Walid, Anwar},
  booktitle={2010 Proceedings IEEE INFOCOM},
  pages={1--9},
  year={2010},
  organization={IEEE}
}

@inproceedings{breslau1999web,
  title={Web caching and Zipf-like distributions: Evidence and implications},
  author={Breslau, Lee and Cao, Pei and Fan, Li and Phillips, Graham and Shenker, Scott},
  booktitle={IEEE INFOCOM'99. Conference on Computer Communications. Proceedings. Eighteenth Annual Joint Conference of the IEEE Computer and Communications Societies. The Future is Now (Cat. No. 99CH36320)},
  volume={1},
  pages={126--134},
  year={1999},
  organization={IEEE}
}

@inproceedings{muller2016smart,
  title={Smart caching in wireless small cell networks via contextual multi-armed bandits},
  author={M{\"u}ller, Sabrina and Atan, Onur and Van Der Schaar, Mihaela and Klein, Anja},
  booktitle={2016 IEEE International Conference on Communications (ICC)},
  pages={1--7},
  year={2016},
  organization={IEEE}
}
@article{erman2011cache,
  title={To cache or not to cache: The 3G case},
  author={Erman, Jeffrey and Gerber, Alexandre and Hajiaghayi, Mohammad and Pei, Dan and Sen, Subhabrata and Spatscheck, Oliver},
  journal={IEEE Internet Computing},
  volume={15},
  number={2},
  pages={27--34},
  year={2011},
  publisher={IEEE}
}
@inproceedings{elbamby2014content,
  title={Content-aware user clustering and caching in wireless small cell networks},
  author={ElBamby, Mohammed S and Bennis, Mehdi and Saad, Walid and Latva-Aho, Matti},
  booktitle={2014 11th International symposium on wireless communications systems (ISWCS)},
  pages={945--949},
  year={2014},
  organization={IEEE}
}

@inproceedings{blasco2014multi,
  title={Multi-armed bandit optimization of cache content in wireless infostation networks},
  author={Blasco, Pol and G{\"u}nd{\"u}z, Deniz},
  booktitle={2014 IEEE International Symposium on Information Theory},
  pages={51--55},
  year={2014},
  organization={IEEE}
}

@article{blasco2014content,
  title={Content-level selective offloading in heterogeneous networks: Multi-armed bandit optimization and regret bounds},
  author={Blasco, Pol and G{\"u}nd{\"u}z, Deniz},
  journal={arXiv preprint arXiv:1407.6154},
  year={2014}
}
@inproceedings{goodman1997infostations,
  title={Infostations: A new system model for data and messaging services},
  author={Goodman, David J and Borras, Joan and Mandayam, Narayan B and Yates, Roy D},
  booktitle={1997 IEEE 47th vehicular technology conference. Technology in motion},
  volume={2},
  pages={969--973},
  year={1997},
  organization={IEEE}
}
@article{iacono2002infostations,
  title={Infostations: New perspectives on wireless data networks},
  author={Iacono, Ana L{\'u}cia and Rose, Christopher},
  journal={Next Generation Wireless Networks},
  pages={3--63},
  year={2002},
  publisher={Springer}
}

@article{bastug2014living,
  title={Living on the edge: The role of proactive caching in 5G wireless networks},
  author={Bastug, Ejder and Bennis, Mehdi and Debbah, M{\'e}rouane},
  journal={IEEE Communications Magazine},
  volume={52},
  number={8},
  pages={82--89},
  year={2014},
  publisher={IEEE}
}
@inproceedings{gill2007youtube,
  title={Youtube traffic characterization: a view from the edge},
  author={Gill, Phillipa and Arlitt, Martin and Li, Zongpeng and Mahanti, Anirban},
  booktitle={Proceedings of the 7th ACM SIGCOMM conference on Internet measurement},
  pages={15--28},
  year={2007}
}

@inproceedings{brodersen2012youtube,
  title={Youtube around the world: geographic popularity of videos},
  author={Brodersen, Anders and Scellato, Salvatore and Wattenhofer, Mirjam},
  booktitle={Proceedings of the 21st international conference on World Wide Web},
  pages={241--250},
  year={2012}
}
@article{mares2010multiple,
  title={The multiple meanings of age for television content preferences},
  author={Mares, Marie-Louise and Sun, Ye},
  journal={Human Communication Research},
  volume={36},
  number={3},
  pages={372--396},
  year={2010},
  publisher={Oxford University Press Oxford, UK}
}
@article{hoffner2005enjoyment,
  title={Enjoyment of mediated fright and violence: A meta-analysis},
  author={Hoffner, Cynthia A and Levine, Kenneth J},
  journal={Media Psychology},
  volume={7},
  number={2},
  pages={207--237},
  year={2005},
  publisher={Taylor \& Francis}
}
@article{rentfrow2011listening,
  title={Listening, watching, and reading: The structure and correlates of entertainment preferences},
  author={Rentfrow, Peter J and Goldberg, Lewis R and Zilca, Ran},
  journal={Journal of personality},
  volume={79},
  number={2},
  pages={223--258},
  year={2011},
  publisher={Wiley Online Library}
}
@article{zillmann1988mood,
  title={Mood management through communication choices},
  author={Zillmann, Dolf},
  journal={American Behavioral Scientist},
  volume={31},
  number={3},
  pages={327--340},
  year={1988},
  publisher={Sage Publications}
}
@inproceedings{zhou2014characterizing,
  title={Characterizing user watching behavior and video quality in mobile devices},
  author={Zhou, Chenxi and Guo, Yuchun and Chen, Yishuai and Nie, Xiaofei and Zhu, Wei},
  booktitle={2014 23rd International Conference on Computer Communication and Networks (ICCCN)},
  pages={1--6},
  year={2014},
  organization={IEEE}
}
@inproceedings{ko2003scalable,
  title={Scalable service differentiation in a shared storage cache},
  author={Ko, Bong-Jun and Lee, Kang-Won and Amiri, Khalil and Calo, Seraphin},
  booktitle={23rd International Conference on Distributed Computing Systems, 2003. Proceedings.},
  pages={184--193},
  year={2003},
  organization={IEEE}
}
@article{lu2004design,
  title={Design, implementation, and evaluation of differentiated caching services},
  author={Lu, Ying and Abdelzaher, Tarek F and Saxena, Avneesh},
  journal={IEEE Transactions on Parallel and Distributed Systems},
  volume={15},
  number={5},
  pages={440--452},
  year={2004},
  publisher={IEEE}
}

@misc{cisco_internet_report,
  author = {Cisco},
  title = {Cisco Annual Internet Report (2018–2023) White Paper},
  year = {n.d.},
  url = {https://www.cisco.com/c/en/us/solutions/collateral/executive-perspectives/annual-internet-report/white-paper-c11-741490.html},
  note = {Accessed: 2025-04-04}
}

@article{muller2016context,
  title={Context-aware proactive content caching with service differentiation in wireless networks},
  author={M{\"u}ller, Sabrina and Atan, Onur and Van Der Schaar, Mihaela and Klein, Anja},
  journal={IEEE Transactions on Wireless Communications},
  volume={16},
  number={2},
  pages={1024--1036},
  year={2016},
  publisher={IEEE}
}
@article{bi2023collaborative,
  title={Collaborative caching strategy for RL-based content downloading algorithm in clustered vehicular networks},
  author={Bi, Xiaodan and Zhao, Lian},
  journal={IEEE Internet of Things Journal},
  volume={10},
  number={11},
  pages={9585--9596},
  year={2023},
  publisher={IEEE}
}
@article{anokye2021deep,
  title={Deep reinforcement learning-based mobility-aware UAV content caching and placement in mobile edge networks},
  author={Anokye, Stephen and Ayepah-Mensah, Daniel and Seid, Abegaz Mohammed and Boateng, Gordon Owusu and Sun, Guolin},
  journal={IEEE Systems Journal},
  volume={16},
  number={1},
  pages={275--286},
  year={2021},
  publisher={IEEE}
}
@article{yan2020machine,
  title={Machine-learning approach for user association and content placement in fog radio access networks},
  author={Yan, Shi and Jiao, Minghan and Zhou, Yangcheng and Peng, Mugen and Daneshmand, Mahmoud},
  journal={IEEE Internet of Things Journal},
  volume={7},
  number={10},
  pages={9413--9425},
  year={2020},
  publisher={IEEE}
}
@article{wei2021deep,
  title={Deep reinforcement learning with quantum-inspired experience replay},
  author={Wei, Qing and Ma, Hailan and Chen, Chunlin and Dong, Daoyi},
  journal={IEEE Transactions on Cybernetics},
  volume={52},
  number={9},
  pages={9326--9338},
  year={2021},
  publisher={IEEE}
}
@article{huang2024joint,
  title={Joint data caching and computation offloading in UAV-assisted Internet of Vehicles via federated deep reinforcement learning},
  author={Huang, Jiwei and Zhang, Man and Wan, Jiangyuan and Chen, Ying and Zhang, Ning},
  journal={IEEE Transactions on Vehicular Technology},
  year={2024},
  publisher={IEEE}
}
@inproceedings{wang2021deep,
  title={Deep reinforcement learning for caching in D2D-enabled UAV-relaying networks},
  author={Wang, Di and Liu, Qianqian and Tian, Jie and Zhi, Yuan and Qiao, Jingping and Bian, Ji},
  booktitle={2021 IEEE/CIC International Conference on Communications in China (ICCC)},
  pages={635--640},
  year={2021},
  organization={IEEE}
}
@article{wu2020deep,
  title={Deep Reinforcement Learning-Based Content Placement and Trajectory Design in Urban Cache-Enabled UAV Networks},
  author={Wu, Chenyu and Shi, Shuo and Gu, Shushi and Zhang, Lingyan and Gu, Xuemai},
  journal={Wireless Communications and Mobile Computing},
  volume={2020},
  number={1},
  pages={8842694},
  year={2020},
  publisher={Wiley Online Library}
}
@ARTICLE{8374947,
  author={Xu, Xiaoli and Zeng, Yong and Guan, Yong Liang and Zhang, Rui},
  journal={IEEE Journal on Selected Areas in Communications}, 
  title={Overcoming Endurance Issue: UAV-Enabled Communications With Proactive Caching}, 
  year={2018},
  volume={36},
  number={6},
  pages={1231-1244},
  keywords={Unmanned aerial vehicles;Wireless communication;Device-to-device communication;Trajectory optimization;Electronic mail;UAV-enabled communications;proactive caching;trajectory optimization;D2D communications},
  doi={10.1109/JSAC.2018.2844979}}

@INPROCEEDINGS{749260,
  author={Breslau, L. and Pei Cao and Li Fan and Phillips, G. and Shenker, S.},
  booktitle={IEEE INFOCOM '99. Conference on Computer Communications. Proceedings. Eighteenth Annual Joint Conference of the IEEE Computer and Communications Societies. The Future is Now (Cat. No.99CH36320)}, 
  title={Web caching and Zipf-like distributions: evidence and implications}, 
  year={1999},
  volume={1},
  number={},
  pages={126-134 vol.1},
  keywords={Frequency;Web pages;Computer science;Web sites;Explosives;Internet},
  doi={10.1109/INFCOM.1999.749260}}
@ARTICLE{9165221,
  author={Mehrizi, Sajad and Chatterjee, Saikat and Chatzinotas, Symeon and Ottersten, Björn},
  journal={IEEE Transactions on Communications}, 
  title={Online Spatiotemporal Popularity Learning via Variational Bayes for Cooperative Caching}, 
  year={2020},
  volume={68},
  number={11},
  pages={7068-7082},
  keywords={Predictive models;Correlation;Servers;Bayes methods;Analytical models;Spatiotemporal phenomena;Cooperative caching;Content caching;multi-cell network;popularity prediction;routing;cache placement;online variational Bayes},
  doi={10.1109/TCOMM.2020.3015478}}

@ARTICLE{8982038,
  author={Chai, Shuqi and Lau, Vincent K. N.},
  journal={IEEE Transactions on Signal Processing}, 
  title={Online Trajectory and Radio Resource Optimization of Cache-Enabled UAV Wireless Networks With Content and Energy Recharging}, 
  year={2020},
  volume={68},
  number={},
  pages={1286-1299},
  keywords={Trajectory;Wireless networks;Unmanned aerial vehicles;Optimization;Ad hoc networks;Reinforcement learning;Reinforcement learning;resource control;UAV-assisted content centric network;trajectory design},
  doi={10.1109/TSP.2020.2971457}}
@article{nguyen2023real,
  title={Real-time optimized clustering and caching for 6G satellite-UAV-terrestrial networks},
  author={Nguyen, Minh-Hien T and Bui, Tinh T and Nguyen, Long D and Garcia-Palacios, Emiliano and Zepernick, Hans-J{\"u}rgen and Shin, Hyundong and Duong, Trung Q},
  journal={IEEE Transactions on Intelligent Transportation Systems},
  volume={25},
  number={3},
  pages={3009--3019},
  year={2023},
  publisher={IEEE}
}
@inproceedings{yang2023caching,
  title={Caching and Computation Offloading for Intelligent Transportation Systems enabled by Satellite-Terrestrial Networks},
  author={Yang, S and Xia, X and Lorenzo, Beatriz},
  booktitle={2023 IEEE 14th Annual Ubiquitous Computing, Electronics \& Mobile Communication Conference (UEMCON)},
  pages={722--729},
  year={2023},
  organization={IEEE}
}

@article{liu2019deep,
  title={A deep reinforcement learning approach to proactive content pushing and recommendation for mobile users},
  author={Liu, Dong and Yang, Chenyang},
  journal={IEEE Access},
  volume={7},
  pages={83120--83136},
  year={2019},
  publisher={IEEE}
}